<collection xmlns="http://www.loc.gov/MARC21/slim">
<record>
  <leader>01445nam0a2200289 i 450 </leader>
  <controlfield tag="001">IT\ICCU\CNCE\038254</controlfield>
  <controlfield tag="005">20130404000000.0</controlfield>
  <datafield tag="012" ind1=" " ind2=" ">
    <subfield code="a">i.ei lele tera hoSi (C) 1530 (Q)</subfield>
    <subfield code="2">fei</subfield>
  </datafield>
  <datafield tag="100" ind1=" " ind2=" ">
    <subfield code="a">19981027f1530        0itac0103    ba</subfield>
  </datafield>
  <datafield tag="101" ind1=" " ind2=" ">
    <subfield code="a">ITA</subfield>
  </datafield>
  <datafield tag="102" ind1=" " ind2=" ">
    <subfield code="a">IT</subfield>
  </datafield>
  <datafield tag="200" ind1="1" ind2=" ">
    <subfield code="a">Operetta noua amorosa de Nocturno Neapolitano nela quale si contiene strambotti, sonetti, capitoli, epistole et una disperata</subfield>
  </datafield>
  <datafield tag="210" ind1=" " ind2=" ">
    <subfield code="d">\circa 1530!</subfield>
    <subfield code="e">Bressa</subfield>
    <subfield code="g">per Francesco di Ricardi da Louer.</subfield>
  </datafield>
  <datafield tag="215" ind1=" " ind2=" ">
    <subfield code="a">\12! c.</subfield>
    <subfield code="d">4ʻ</subfield>
  </datafield>
  <datafield tag="300" ind1=" " ind2=" ">
    <subfield code="a">Per la data cfr.: E. Sandal, Dal libro antico al libro moderno. In: I primordi della stampa a Brescia 1472-1511, p. 296</subfield>
  </datafield>
  <datafield tag="620" ind1=" " ind2=" ">
    <subfield code="a">IT</subfield>
    <subfield code="d">Brescia</subfield>
  </datafield>
  <datafield tag="700" ind1=" " ind2="0">
    <subfield code="a">Notturno Napoletano</subfield>
    <subfield code="3">IT\ICCU\CNCA\006825</subfield>
  </datafield>
  <datafield tag="712" ind1="0" ind2="0">
    <subfield code="a">Riccardi, Francesco</subfield>
    <subfield code="3">IT\ICCU\CNCT\001164</subfield>
    <subfield code="4">650</subfield>
  </datafield>
  <datafield tag="790" ind1=" " ind2="0">
    <subfield code="a">Syrena nocturna neapolitana</subfield>
    <subfield code="3">IT\ICCU\CNCA\019981</subfield>
    <subfield code="z">Notturno Napoletano</subfield>
  </datafield>
  <datafield tag="791" ind1="0" ind2="0">
    <subfield code="a">Luere, Riccardo Francesco</subfield>
    <subfield code="3">IT\ICCU\CNCT\002302</subfield>
    <subfield code="z">Riccardi, Francesco</subfield>
  </datafield>
  <datafield tag="791" ind1="0" ind2="0">
    <subfield code="a">Riccardo, Francesco</subfield>
    <subfield code="3">IT\ICCU\CNCT\002556</subfield>
    <subfield code="z">Riccardi, Francesco</subfield>
  </datafield>
  <datafield tag="791" ind1="0" ind2="0">
    <subfield code="a">Ricardo, Francesco</subfield>
    <subfield code="3">IT\ICCU\CNCT\005361</subfield>
    <subfield code="z">Riccardi, Francesco</subfield>
  </datafield>
  <datafield tag="791" ind1="0" ind2="0">
    <subfield code="a">Ricardus, Franciscus</subfield>
    <subfield code="3">IT\ICCU\CNCT\005363</subfield>
    <subfield code="z">Riccardi, Francesco</subfield>
  </datafield>
  <datafield tag="791" ind1="0" ind2="0">
    <subfield code="a">Ricardi, Francesco</subfield>
    <subfield code="3">IT\ICCU\CNCT\005365</subfield>
    <subfield code="z">Riccardi, Francesco</subfield>
  </datafield>
  <datafield tag="791" ind1="0" ind2="0">
    <subfield code="a">Ricciardus, Franciscus</subfield>
    <subfield code="3">IT\ICCU\CNCT\005367</subfield>
    <subfield code="z">Riccardi, Francesco</subfield>
  </datafield>
  <datafield tag="801" ind1=" " ind2="3">
    <subfield code="a">IT</subfield>
    <subfield code="b">ICCU</subfield>
    <subfield code="c">20201114</subfield>
  </datafield>
  <datafield tag="899" ind1=" " ind2=" ">
    <subfield code="a">Archivio storico civico e Biblioteca Trivulziana. Milano</subfield>
    <subfield code="1">MI0327</subfield>
    <subfield code="2">LO1 13</subfield>
  </datafield>
</record>
</collection>
